@misc{gray_code_generation,
	title = {{Gray Code Fundamentals - Part 2 | EE Times}},
	howpublished = {\url{https://www.eetimes.com/gray-code-fundamentals-part-2/}},
	note = {Accessed: 2020-08-24}
}