@misc{continuous_time_exponential_general_case,
	title = {{Continuous Time Complex Exponential Signal}},
	howpublished = {\url{http://pilot.cnxproject.org/content/collection/col10064/latest/module/m10060/latest}},
	note = {Accessed: 2020-09-03}
}
@misc{bibo_stability_wiki,
	title = {{BIBO stability - Wikipedia}},
	howpublished = {\url{https://en.wikipedia.org/wiki/BIBO_stability}},
	note = {Accessed: 2020-09-06}
}
@misc{convolution_wiki,
	title = {{Convolution - Wikipedia}},
	howpublished = {\url{https://en.wikipedia.org/wiki/Convolution}},
	note = {Accessed: 2020-09-06}
}